@book{Hu1984bourbaki,
	title={布尔巴基学派的兴衰：现代数学发展的一条主线},
	author={胡作玄},
	year={1984},
	month={July},
	publisher={知识出版社},
	address={上海}
}

@article{simpson2003towards,
	title={Towards a convenient category of topological domains},
	author={Simpson, Alex},
	journal={数理解析研究所講究録},
	volume={1318},
	pages={53--73},
	year={2003}
}

@article{simpson2007convenient,
	title={A Convenient Category of Domains},
	author={Simpson, A and Battenfeld, I and Schr{\"o}der, M},
	journal={Electronic Notes in Theoretical Computer Science},
	volume={172},
	pages={69--99},
	year={2007}
}

@article{menni2002topological,
	title={Topological and limit-space subcategories of countably-based equilogical spaces},
	author={Menni, Mat{\'\i}as and Simpson, Alex},
	journal={Mathematical Structures in Computer Science},
	volume={12},
	number={06},
	pages={739--770},
	year={2002},
	publisher={Cambridge Univ Press}
}

