@article{王文清2009CALIS,
    title={CALIS数字图书馆云服务平台模型},
    author={王文清 and 陈凌},
    journal={大学图书馆学报},
    volume={27},
    number={4},
    pages={13-18},
    year={2009},
}
